<collection xmlns="http://www.loc.gov/MARC21/slim">
<record>
  <leader>02468nam0a22003611i 450 </leader>
  <controlfield tag="001">IT\ICCU\CNCE\039817</controlfield>
  <controlfield tag="005">19981112000000.0</controlfield>
  <datafield tag="012" ind1=" " ind2=" ">
    <subfield code="a">e-le osco da93 Ququ (3) 1584 (R)</subfield>
    <subfield code="2">fei</subfield>
  </datafield>
  <datafield tag="100" ind1=" " ind2=" ">
    <subfield code="a">19981112d1583        0itac0103    ba</subfield>
  </datafield>
  <datafield tag="101" ind1=" " ind2=" ">
    <subfield code="a">LAT</subfield>
  </datafield>
  <datafield tag="102" ind1=" " ind2=" ">
    <subfield code="a">IT</subfield>
  </datafield>
  <datafield tag="200" ind1="1" ind2=" ">
    <subfield code="a">Decretum Gratiani emendatum et notationibus illustratum. Gregorii 13. pont. max. iussu editum. Permittente Sede Apostolica, atque cum Populi Romani licentia</subfield>
  </datafield>
  <datafield tag="210" ind1=" " ind2=" ">
    <subfield code="a">Venetiis</subfield>
    <subfield code="c">apud magnam Societatem</subfield>
    <subfield code="d"></subfield>
    <subfield code="d">&amp; Hieronymo Franzino</subfield>
    <subfield code="d">1584.</subfield>
    <subfield code="e">Venetiis</subfield>
    <subfield code="h">1583</subfield>
  </datafield>
  <datafield tag="215" ind1=" " ind2=" ">
    <subfield code="a">773, \3!, 185, \7! c.</subfield>
    <subfield code="d"></subfield>
  </datafield>
  <datafield tag="300" ind1=" " ind2=" ">
    <subfield code="a">((Contiene anche i Canones Apostolorum (erroneamente attribuiti a papa Clemente I), i Canones Poenitentiales (parte della Summa </subfield>
  </datafield>
  <datafield tag="620" ind1=" " ind2=" ">
    <subfield code="a">IT</subfield>
    <subfield code="d">Venezia</subfield>
  </datafield>
  <datafield tag="702" ind1=" " ind2="0">
    <subfield code="a">Enrico</subfield>
    <subfield code="c"> : da#Susa</subfield>
    <subfield code="3">IT\ICCU\CNCA\005071</subfield>
  </datafield>
  <datafield tag="702" ind1=" " ind2="0">
    <subfield code="a">Clemens</subfield>
    <subfield code="c"> &lt;papa</subfield>
    <subfield code="c"> ; 1.&gt;</subfield>
    <subfield code="3">IT\ICCU\CNCA\010432</subfield>
  </datafield>
  <datafield tag="712" ind1="0" ind2="0">
    <subfield code="a">Magna Societas &amp; Ferrari, Giorgio &amp; Franzini, Girolamo</subfield>
    <subfield code="3">IT\ICCU\CNCT\001559</subfield>
    <subfield code="4">650</subfield>
  </datafield>
  <datafield tag="712" ind1="0" ind2="2">
    <subfield code="a">Societ ̉dell&apos;Aquila che si rinnova</subfield>
    <subfield code="3">IT\ICCU\CNCT\000090</subfield>
    <subfield code="4">650</subfield>
  </datafield>
  <datafield tag="790" ind1=" " ind2="1">
    <subfield code="a">Bartholomaeis,</subfield>
    <subfield code="b">Henricus : de</subfield>
    <subfield code="3">IT\ICCU\CNCA\007712</subfield>
    <subfield code="z">Enrico : da#Susa</subfield>
  </datafield>
  <datafield tag="790" ind1=" " ind2="1">
    <subfield code="a">Bartolomei,</subfield>
    <subfield code="b">Enrico</subfield>
    <subfield code="3">IT\ICCU\CNCA\007732</subfield>
    <subfield code="z">Enrico : da#Susa</subfield>
  </datafield>
  <datafield tag="790" ind1=" " ind2="0">
    <subfield code="a">Ostiense</subfield>
    <subfield code="3">IT\ICCU\CNCA\014126</subfield>
    <subfield code="z">Enrico : da#Susa</subfield>
  </datafield>
  <datafield tag="790" ind1=" " ind2="0">
    <subfield code="a">Henricus</subfield>
    <subfield code="c"> : de#Segusio</subfield>
    <subfield code="3">IT\ICCU\CNCA\014338</subfield>
    <subfield code="z">Enrico : da#Susa</subfield>
  </datafield>
  <datafield tag="790" ind1=" " ind2="1">
    <subfield code="a">Hostiensis,</subfield>
    <subfield code="b">Henricus : de#Segusia</subfield>
    <subfield code="3">IT\ICCU\CNCA\014430</subfield>
    <subfield code="z">Enrico : da#Susa</subfield>
  </datafield>
  <datafield tag="790" ind1=" " ind2="0">
    <subfield code="a">Clemens</subfield>
    <subfield code="c"> &lt;santo&gt;</subfield>
    <subfield code="3">IT\ICCU\CNCA\013737</subfield>
    <subfield code="z">Clemens &lt;papa ; 1.&gt;</subfield>
  </datafield>
  <datafield tag="790" ind1=" " ind2="0">
    <subfield code="a">Clemens</subfield>
    <subfield code="c"> : Romanus</subfield>
    <subfield code="3">IT\ICCU\CNCA\016420</subfield>
    <subfield code="z">Clemens &lt;papa ; 1.&gt;</subfield>
  </datafield>
  <datafield tag="791" ind1="0" ind2="2">
    <subfield code="a">℗sub signo ℗Aquilae se renovantis</subfield>
    <subfield code="3">IT\ICCU\CNCT\002173</subfield>
    <subfield code="z">Societ ̉dell&apos;Aquila che si rinnova</subfield>
  </datafield>
  <datafield tag="791" ind1="0" ind2="2">
    <subfield code="a">Societas Aquilae renovantis</subfield>
    <subfield code="3">IT\ICCU\CNCT\005689</subfield>
    <subfield code="z">Societ ̉dell&apos;Aquila che si rinnova</subfield>
  </datafield>
  <datafield tag="791" ind1="0" ind2="2">
    <subfield code="a">Compagnia dell&apos;Aquila</subfield>
    <subfield code="3">IT\ICCU\CNCT\005690</subfield>
    <subfield code="z">Societ ̉dell&apos;Aquila che si rinnova</subfield>
  </datafield>
  <datafield tag="801" ind1=" " ind2="3">
    <subfield code="a">IT</subfield>
    <subfield code="b">ICCU</subfield>
    <subfield code="c">20201114</subfield>
  </datafield>
  <datafield tag="899" ind1=" " ind2=" ">
    <subfield code="a">Biblioteca nazionale centrale. Roma</subfield>
    <subfield code="1">RM0267</subfield>
    <subfield code="2">BVE CR</subfield>
  </datafield>
  <datafield tag="921" ind1=" " ind2=" ">
    <subfield code="a">IT\ICCU\CNCM\000911</subfield>
    <subfield code="b">Aquila che becca una roccia. In cornice figurata</subfield>
    <subfield code="e">Renovabitur vt aquila iuventus tua.</subfield>
    <subfield code="c">T54</subfield>
    <subfield code="c">V322</subfield>
    <subfield code="d">15 x 19,2 cm.</subfield>
    <subfield code="f">AQUILA</subfield>
    <subfield code="f">RENOVABITU</subfield>
    <subfield code="f">ROCCIA</subfield>
    <subfield code="g">1575-1592</subfield>
  </datafield>
</record>
</collection>
